@book{okumura,
	author =	"奥村 晴彦",
	yomi =		"Haruhiko Okudera",
	title =		" 美文書作成入門",
	publisher =	"技術評論社",
	year =		1991
}
